<record><leader>01577cam a2200373 a 4500</leader><controlfield tag="001">1380206</controlfield><controlfield tag="008">910612s1985    onc          f    0 eng c</controlfield><datafield ind1=" " ind2=" " tag="035"><subfield code="a">ocm16031582</subfield></datafield><datafield ind1=" " ind2=" " tag="040"><subfield code="b">eng</subfield></datafield><datafield ind1=" " ind2=" " tag="049"><subfield code="a">AEU</subfield><subfield code="b">eng</subfield></datafield><datafield ind1="0" ind2=" " tag="090"><subfield code="a">GOV DOC CA1 R 34-8\ GT- 5- 1985</subfield></datafield><datafield ind1="0" ind2="0" tag="245"><subfield code="a">Intercom and audio systems for band buildings.</subfield></datafield><datafield ind1=" " ind2=" " tag="260"><subfield code="a">Ottawa :</subfield><subfield code="b">Indian and Northern Affairs Canada. Technical Services and Contracts,</subfield><subfield code="c">1985.</subfield></datafield><datafield ind1=" " ind2=" " tag="300"><subfield code="a">6, 5, 2 p. ;</subfield><subfield code="c">28 cm.</subfield></datafield><datafield ind1=" " ind2=" " tag="336"><subfield code="a">text</subfield><subfield code="b">txt</subfield><subfield code="2">rdacontent</subfield></datafield><datafield ind1=" " ind2=" " tag="337"><subfield code="a">unmediated</subfield><subfield code="b">n</subfield><subfield code="2">rdamedia</subfield></datafield><datafield ind1=" " ind2=" " tag="338"><subfield code="a">volume</subfield><subfield code="b">nc</subfield><subfield code="2">rdacarrier</subfield></datafield><datafield ind1="1" ind2=" " tag="490"><subfield code="a">Band technical publications</subfield></datafield><datafield ind1=" " ind2=" " tag="500"><subfield code="a">Issued also in French under title: Syst&#232;mes d'interphone et de sonorisation pour les b&#226;timents des bandes.</subfield></datafield><datafield ind1=" " ind2=" " tag="500"><subfield code="a">"QS-3400-000-EE-A1"--T.p. verso.</subfield></datafield><datafield ind1=" " ind2=" " tag="500"><subfield code="a">"January 1985".</subfield></datafield><datafield ind1=" " ind2=" " tag="500"><subfield code="a">"BTP-GT-5".</subfield></datafield><datafield ind1=" " ind2=" " tag="596"><subfield code="a">38</subfield></datafield><datafield ind1=" " ind2="0" tag="650"><subfield code="a">Indians of North America</subfield><subfield code="z">Canada.</subfield></datafield><datafield ind1=" " ind2="0" tag="650"><subfield code="a">Sound</subfield><subfield code="x">Equipment and supplies</subfield><subfield code="v">Handbooks, manuals, etc.</subfield></datafield><datafield ind1=" " ind2="0" tag="650"><subfield code="a">Public address systems</subfield><subfield code="z">Canada</subfield><subfield code="v">Handbooks, manuals, etc.</subfield></datafield><datafield ind1=" " ind2="0" tag="650"><subfield code="a">Intercommunication systems</subfield><subfield code="v">Handbooks, manuals, etc.</subfield></datafield><datafield ind1=" " ind2="0" tag="650"><subfield code="a">Buildings</subfield><subfield code="z">Canada</subfield><subfield code="x">Communication systems.</subfield></datafield><datafield ind1=" " ind2="0" tag="650"><subfield code="a">Corridors</subfield><subfield code="z">Canada</subfield><subfield code="x">Communication systems.</subfield></datafield><datafield ind1=" " ind2="0" tag="650"><subfield code="a">Rooms</subfield><subfield code="z">Canada</subfield><subfield code="x">Communication systems.</subfield></datafield><datafield ind1=" " ind2="0" tag="650"><subfield code="a">Office buildings</subfield><subfield code="z">Canada</subfield><subfield code="x">Communication systems.</subfield></datafield><datafield ind1=" " ind2="0" tag="650"><subfield code="a">Auditoriums</subfield><subfield code="z">Canada</subfield><subfield code="x">Communication systems.</subfield></datafield><datafield ind1=" " ind2="0" tag="830"><subfield code="a">Band technical publications</subfield></datafield><datafield ind1=" " ind2=" " tag="926"><subfield code="a">GOV DOC CA1 R 34-8/ GT- 5- 1985</subfield><subfield code="w">LC</subfield><subfield code="c">1</subfield><subfield code="i">000036788446</subfield><subfield code="l">ON_SHELF</subfield><subfield code="m">UABARD</subfield><subfield code="p">$150.00</subfield><subfield code="r">Y</subfield><subfield code="s">Y</subfield><subfield code="t">BOOK</subfield><subfield code="u">6/14/1991</subfield><subfield code="o">.STAFF. B0038086</subfield></datafield></record>